@article{ramscar2002role,
  title={The role of meaning in inflection: Why the past tense does not require a rule},
  author={Ramscar, Michael},
  journal={Cognitive Psychology},
  volume={45},
  number={1},
  pages={45--94},
  year={2002},
  publisher={Elsevier}
}

@article{kruschke1992alcove,
  title={{ALCOVE}: an exemplar-based connectionist model of category learning.},
  author={Kruschke, John K},
  journal={Psychological Review},
  volume={99},
  number={1},
  pages={22-44},
  year={1992},
  publisher={American Psychological Association}
}


@article{bybee1995regular,
  title={Regular morphology and the lexicon},
  author={Bybee, Joan},
  journal={Language and Cognitive Processes},
  volume={10},
  number={5},
  pages={425--455},
  year={1995},
  publisher={Taylor \& Francis}
}

@article{ashby2017neural,
  title={A neural interpretation of exemplar theory.},
  author={Ashby, F Gregory and Rosedahl, Luke},
  journal={Psychological review},
  volume={124},
  number={4},
  pages={472},
  year={2017},
  publisher={American Psychological Association}
}

@article{marr1976understanding,
  title={From understanding computation to understanding neural circuitry},
  author={Marr, David and Poggio, Tomaso},
  year={1976},
  journal={Neurosciences Res.\ Prog.\ Bull.},
  volume={15},
  pages={470–488}
}

@article{dell2000commentary,
  title={Commentary: Counting, connectionism, and lexical representation},
  author={Dell, Gary},
  journal={Papers in Laboratory Phonology V: Acquisition and the lexicon},
  volume={5},
  pages={335},
  year={2000},
  publisher={Cambridge University Press}
}

@article{prasada1993generalisation,
  title={Generalisation of regular and irregular morphological patterns},
  author={Prasada, Sandeep and Pinker, Steven},
  journal={Language and Cognitive Processes},
  volume={8},
  number={1},
  pages={1--56},
  year={1993},
  publisher={Taylor \& Francis}
}

@article{henry2017rewarding,
  title={Rewarding foreign language learning: effects of the {S}wedish grade point average enhancement initiative on students' motivation to learn {F}rench},
  author={Henry, Alastair},
  journal={The Language Learning Journal},
  volume={45},
  number={3},
  pages={301--315},
  year={2017},
  publisher={Taylor \& Francis}
}


@article{gardner1991instrumental,
  title={An instrumental motivation in language study: Who says it isn't effective?},
  author={Gardner, Robert C and MacIntyre, Peter D},
  journal={Studies in Second Language Acquisition},
  volume={13},
  number={1},
  pages={57--72},
  year={1991},
  publisher={Cambridge University Press}
}

@article{pierrehumbert2001exemplar,
  title={Exemplar dynamics: Word frequency, lenition and contrast},
  author={Pierrehumbert, Janet B},
  journal={Typological studies in language},
  volume={45},
  pages={137--158},
  year={2001}
}

@article{nicholas2001recasts,
  title={Recasts as feedback to language learners},
  author={Nicholas, Howard and Lightbown, Patsy M and Spada, Nina},
  journal={Language learning},
  volume={51},
  number={4},
  pages={719--758},
  year={2001},
  publisher={Wiley Online Library}
}

@article{todd2019word,
  title={Word frequency effects in sound change as a consequence of perceptual asymmetries: An exemplar-based model},
  author={Todd, Simon and Pierrehumbert, Janet B and Hay, Jennifer},
  journal={Cognition},
  volume={185},
  pages={1--20},
  year={2019},
  publisher={Elsevier}
}

@article{kim2011phonetic,
  title={Phonetic convergence in spontaneous conversations as a function of interlocutor language distance},
  author={Kim, Midam and Horton, William S and Bradlow, Ann R},
  journal={Laboratory phonology},
  volume={2},
  number={1},
  pages={125--156},
  year={2011},
  publisher={De Gruyter}
}

@article{clopper2016variation,
  title={Variation in the strength of lexical encoding across dialects},
  author={Clopper, Cynthia G and Tamati, Terrin N and Pierrehumbert, Janet B},
  journal={Journal of Phonetics},
  volume={58},
  pages={87--103},
  year={2016},
  publisher={Elsevier}
}

@article{kinzler2011children,
  title={Children’s selective trust in native-accented speakers},
  author={Kinzler, Katherine D and Corriveau, Kathleen H and Harris, Paul L},
  journal={Developmental science},
  volume={14},
  number={1},
  pages={106--111},
  year={2011},
  publisher={Wiley Online Library}
}

@article{yow2018influence,
  title={The influence of language behavior in social preferences and selective trust of monolingual and bilingual children},
  author={Yow, W Quin and Li, Xiaoqian},
  journal={Journal of experimental child psychology},
  volume={166},
  pages={635--651},
  year={2018},
  publisher={Elsevier}
}

@article{o2002hippocampal,
  title={Hippocampal and neocortical contributions to memory: Advances in the complementary learning systems framework},
  author={O'Reilly, Randall C and Norman, Kenneth A},
  journal={Trends in Cognitive Sciences},
  volume={6},
  number={12},
  pages={505--510},
  year={2002},
  publisher={Elsevier}
}


@article{jones2009development,
  title={The development of imitation in infancy},
  author={Jones, Susan S},
  journal={Philosophical Transactions of the Royal Society B: Biological Sciences},
  volume={364},
  number={1528},
  pages={2325--2335},
  year={2009},
  publisher={The Royal Society}
}


@article{goldstein2003social,
  title={Social interaction shapes babbling: Testing parallels between birdsong and speech},
  author={Goldstein, Michael H and King, Andrew P and West, Meredith J},
  journal={Proceedings of the National Academy of Sciences},
  volume={100},
  number={13},
  pages={8030--8035},
  year={2003},
  publisher={National Acad Sciences}
}

@article{plaut2000non,
  title={Are non-semantic morphological effects incompatible with a distributed connectionist approach to lexical processing?},
  author={Plaut, David C and Gonnerman, Laura M},
  journal={Language and Cognitive Processes},
  volume={15},
  number={4-5},
  pages={445--485},
  year={2000},
  publisher={Taylor \& Francis}
}

@article{mcclelland1995there,
  title={Why there are complementary learning systems in the hippocampus and neocortex: insights from the successes and failures of connectionist models of learning and memory.},
  author={McClelland, James L and McNaughton, Bruce L and O'reilly, Randall C},
  journal={Psychological Review},
  volume={102},
  number={3},
  pages={419},
  year={1995},
  publisher={American Psychological Association}
}

@article{kumaran2016learning,
  title={What learning systems do intelligent agents need? Complementary learning systems theory updated},
  author={Kumaran, Dharshan and Hassabis, Demis and McClelland, James L},
  journal={Trends in Cognitive Sciences},
  volume={20},
  number={7},
  pages={512--534},
  year={2016},
  publisher={Elsevier}
}


@article{cutler2010abstract,
  title={How abstract phonemic categories are necessary for coping with speaker-related variation},
  author={Cutler, Anne and Eisner, Frank and McQueen, James M and Norris, Dennis},
  journal={Laboratory Phonology},
  volume={10},
  pages={91--111},
  year={2010}
}

@article{albright2002islands,
  title={Islands of reliability for regular morphology: Evidence from Italian},
  author={Albright, Adam},
  journal={Language},
  pages={684--709},
  year={2002},
  publisher={JSTOR},
  volume={78},
  number={4}
}

@article{sonderegger2017mediumterm,
  title={The Medium-Term Dynamics of Accents on Reality Television},
  author={Sonderegger, Morgan and Bane, Max and Graff, Peter},
  journal={Language},
  pages={598--640},
  volume={93},
  number={3},
  year={2017},
  publisher={JSTOR}
}


@incollection{renouf1987corpus,
  title={Corpus development},
  author={Renouf, Antoinette},
  booktitle={Looking up: An account of the {COBUILD} Project in lexical computing},
  editor={John Sinclair},     
  pages={1--40},
  publisher={London: Collins},
  year={1987}
}

@book{sinclair1987,
  title={Looking up: An account of the {COBUILD} Project in lexical computing},
  editor={John M. Sinclair},     
  publisher={London: Collins},
  year={1987}
}

@book{auer2015hermann,
  title={Hermann {P}aul's Principles of Language History Revisited: Translations and Reflections},
  author={Auer, Peter and Fertig, David and Hopper, Paul J. and Murray, Robert W.},
  year={2015},
  publisher={Berlin: Walter de Gruyter}
}

@book{paul1995prinzipien,
  title={Prinzipien der Sprachgeschichte},
  author={Paul, Hermann},
  year={1995 [1880]},
  publisher={Berlin: Walter de Gruyter}
}

@book{hjelmslev1961prolegomena,
  title={Prolegomena to a Theory of Language}, 
  note = {Translated by {F}rancis {J.} {W}hitfield},
  author={Hjelmslev, Louis},
  year={1961 [1953]},
  publisher={Madison: University of Wisconsin Press}
}

@article{stemberger1986frequency,
  title={Frequency and the lexical storage of regularly inflected forms},
  author={Stemberger, Joseph Paul and MacWhinney, Brian},
  journal={Memory \& Cognition},
  volume={14},
  number={1},
  pages={17--26},
  year={1986},
  publisher={Springer}
}

@article{alegre1999rule,
  title={Rule-based versus associative processes in derivational morphology},
  author={Alegre, Maria and Gordon, Peter},
  journal={Brain and Language},
  volume={68},
  number={1},
  pages={347--354},
  year={1999},
  publisher={Elsevier}
}

@book{mielke2008emergence,
  title={The emergence of distinctive features},
  author={Mielke, Jeff},
  year={2008},
  publisher={Oxford: Oxford University Press}
}

@article{mcclelland1981interactive,
  title={An interactive activation model of context effects in letter perception: I. An account of basic findings.},
  author={McClelland, James L. and Rumelhart, David E.},
  journal={Psychological review},
  volume={88},
  number={5},
  pages={375},
  year={1981},
  publisher={American Psychological Association}
}


@article{sprouse2017design,
  title={Design sensitivity and statistical power in acceptability judgment experiments},
  author={Sprouse, Jon and Almeida, Diogo},
  journal={Glossa},
  volume={2},
  number={1},
  pages={1-32},
  year={2017},
  publisher={Ubiquity Press}
}

@inproceedings{schumacher2014reconciling,
  title={Reconciling Inconsistency in Encoded Morphological Distinctions in an Artificial Language}, 
  booktitle={Proceedings of the 36th {A}nnual {M}eeting of the {C}ognitive {S}cience {S}ociety ({CogSci2014)}},
  author={Schumacher, R. Alexander and Pierrehumbert, Janet B. and LaShell, Patrick},
  publisher={Quebec City,CA},
  pages={2895--2900},
  year={2014}
}

%PAGE NUMBERS TBD.
@inproceedings{schumacher2017prior,
    title = {Prior Expectations in Linguistic Learning: A Stochastic Model of Individual Differences},   
    author = {Schumacher, R. Alexander and Pierrehumbert, Janet B.},
    year = {2017},
    booktitle = {Proceedings of the 39th {M}eeting of the {C}ognitive {S}cience {S}ociety ({CogSci2017})},
    publisher={London, UK}
    }



@article{racz2017social,
  title={Social Salience Discriminates Learnability of Contextual Cues in an Artificial Language},
  author={R{\'a}cz, P{\'e}ter and Hay, Jennifer B. and Pierrehumbert, Janet B.},
  journal={Frontiers in Psychology},
  volume={8},
  year={2017},
  publisher={Frontiers Media SA},
  doi = {10.3389/fpsyg.2017.00051},
  note = {DOI: 10.3389/fpsyg.2017.00051}
}

@article{mikheev1997automatic,
  title={Automatic rule induction for unknown-word guessing},
  author={Mikheev, Andrei},
  journal={Computational Linguistics},
  volume={23},
  number={3},
  pages={405--423},
  year={1997},
  publisher={MIT Press}
}

 
@inproceedings{daland2007much,
  title={Much ado about nothing: A social network model of {R}ussian paradigmatic gaps},
  author={Daland, Robert and Sims, Andrea D. and Pierrehumbert, Janet B.},
  booktitle={Proceedings of the 45th {A}nnual {M}eeting of the {A}ssociation for {C}omputational {L}inguistics}, 
  publisher={{P}rague, {C}zech {R}epublic}, 
  pages={936--43},
  year={2007}
  }


@article{baayen2008mixed,
  title={Mixed-effects modeling with crossed random effects for subjects and items},
  author={Baayen, R. Harald and Davidson, Douglas J. and Bates, Douglas M.} ,
  journal={Journal of Memory and Language},
  volume={59},
  number={4},
  pages={390--412},
  year={2008},
  publisher={Elsevier}
}

 @article{bateslme4,
    title = {Fitting Linear Mixed-Effects Models Using {lme4}},
    author = {Douglas Bates and Martin M{\"a}chler and Ben Bolker and
      Steve Walker},
    journal = {Journal of Statistical Software},
    year = {2015},
    volume = {67},
    number = {1},
    pages = {1--48},
    doi = {10.18637/jss.v067.i01},
    note = {DOI: 10.18637/jss.v067.i01}
  }

@article{wurm2014residualizing,
  title={What residualizing predictors in regression analyses does (and what it does not do)},
  author={Wurm, Lee H. and Fisicaro, Sebastiano A.} ,
  journal={Journal of Memory and Language},
  volume={72},
  pages={37--48},
  year={2014},
  publisher={Elsevier}
}

@article{treiman2015influences,
  title={Influences on spelling: evidence from homophones},
  author={Treiman, Rebecca and Seidenberg, Mark S. and Kessler, Brett},
  journal={Language, Cognition and Neuroscience},
  volume={30},
  number={5},
  pages={544--554},
  year={2015},
  publisher={Taylor \& Francis}
}


@inproceedings{brandstetter2017,
  title={Persistent Lexical Entrainment in {HRI}},
  author={J{\"u}rgen Brandstetter and Clay Beckner and Eduardo Benitez Sandoval and Christoph Bartneck},
  booktitle={{Proceedings of the 2017 ACM/IEEE International Conference on Human-Robot Interaction}},
  pages={63--72},
  publisher = {Vienna, Austria},
  year={2017}
}

@article{horton2007influence,
  title={The influence of partner-specific memory associations on language production: Evidence from picture naming},
  author={Horton, William S.} ,
  journal={Language and Cognitive Processes},
  volume={22},
  number={7},
  pages={1114--1139},
  year={2007},
  publisher={Taylor \& Francis}
}


@article{ibarra2016flexibility,
  title={The Flexibility of Conceptual Pacts: Referring Expressions Dynamically Shift to Accommodate New Conceptualizations},
  author={Ibarra, Alyssa and Tanenhaus, Michael K.} ,
  journal={Frontiers in Psychology},
  volume={7},
  year={2016},
  note= {DOI: 10.3389/fpsyg.2016.00561},
  publisher={Frontiers Media SA}
}


@article{horton2005impact,
  title={The impact of memory demands on audience design during language production},
  author={Horton, William S. and Gerrig, Richard J.} ,
  journal={Cognition},
  volume={96},
  number={2},
  pages={127--142},
  year={2005},
  publisher={Elsevier},
  note = {DOI: 10.3389/fpsyg.2016.01111}
  
}

@article{horton2016meta,
  title={The role of metarepresentation in the production and resolution of referring expressions},
  author={Horton, William S. and  Brennan, Susan E.},
  journal={Frontiers in Psychology},
  volume={7},
  year={2016},
  note = {DOI: 10.3389/fpsyg.2016.01111},
  publisher={Elsevier}
}


@inproceedings{snow2008cheap,
  title={Cheap and fast---but is it good?: {E}valuating non-expert annotations for natural language tasks},
  author={Snow, Rion and O'Connor, Brendan and Jurafsky, Daniel and Ng, Andrew Y.},
  booktitle={{Proceedings of the Conference on Empirical Methods in Natural Language Processing}},
  pages={254--263},
  year={2008}
}

@article{crump2013evaluating,
  title={Evaluating {A}mazon's {M}echanical {T}urk as a tool for experimental behavioral research},
  author={Crump, Matthew J.C. and McDonnell, John V. and Gureckis, Todd M.},
  journal={{PLOS ONE}},
  volume={8},
  number={3},
  pages={e57410},
  year={2013},
  publisher={Public Library of Science}
}

@inproceedings{ipeirotis2010demographics,
    title={Demographics of {M}echanical {T}urk},
  author={Ipeirotis, Panagiotis G.} ,
  year={2010},
  pages={CeDER-10–01},
  booktitle={{N}ew {Y}ork {U}niversity Working Papers}
}



@article{hare1995learning,
  title={Learning and morphological change},
  author={Hare, Mary and Elman, Jeffrey L.} ,
  journal={Cognition},
  volume={56},
  number={1},
  pages={61--98},
  year={1995},
  publisher={Elsevier}
}

@article{hayes2009natural,
  title={Natural and unnatural constraints in {H}ungarian vowel harmony},
  author={Hayes, Bruce and Sipt{\'a}r, P{\'e}ter and Zuraw, Kie and Londe, Zsuzsa},
  journal={Language},
  volume={85},
  number={4},
  pages={822--863},
  year={2009},
  publisher={Linguistic Society of America}
}

@article{stewart2015average,
  title={The average laboratory samples a population of 7,300 {A}mazon {M}echanical {T}urk workers},
  author={Stewart, Neil and Ungemach, Christoph and Harris, Adam J.L. and Bartels, Daniel M. and Newell, Ben R. and Paolacci, Gabriele and Chandler, Jesse and others},
  journal={Judgment and Decision Making},
  volume={10},
  number={5},
  pages={479--491},
  year={2015},
  publisher={Society for Judgment and Decision Making}
}

@article{wurm2011ratings,
  title={Ratings gathered online vs. in person: Different stimulus sets and different statistical conclusions},
  author={Wurm, Lee H. and Cano, Annmarie and Barenboym, Diana A.} ,
  journal={The Mental Lexicon},
  volume={6},
  number={2},
  pages={325--350},
  year={2011},
  publisher={John Benjamins Publishing Company}
}

@article{balota2001subjective,
  title={Subjective frequency estimates for 2,938 monosyllabic words},
  author={Balota, David A. and Pilotti, Maura and Cortese, Michael J.} ,
  journal={Memory \& Cognition},
  volume={29},
  number={4},
  pages={639--647},
  year={2001},
  publisher={Springer}
}

@article{henrich2010weirdest,
  title={The weirdest people in the world?},
  author={Henrich, Joseph and Heine, Steven J. and Norenzayan, Ara},
  journal={Behavioral and Brain Sciences},
  volume={33},
  number={2-3},
  pages={61--83},
  year={2010},
  publisher={Cambridge Univ Press}
}


@article{german2013reassignment,
  title={Reassignment of consonant allophones in rapid dialect acquisition},
  author={German, James S. and Carlson, Katy and Pierrehumbert, Janet B.} ,
  journal={Journal of Phonetics},
  volume={41},
  number={3},
  pages={228--248},
  year={2013},
  publisher={Elsevier}
}

@article{siegelman2015statistical,
  title={Statistical learning as an individual ability: Theoretical perspectives and empirical evidence},
  author={Siegelman, Noam and Frost, Ram},
  journal={Journal of {M}emory and {L}anguage},
  volume={81},
  pages={105--120},
  year={2015},
  publisher={Elsevier}
}

@article{lleras2004spatial,
  title={Spatial context and top-down strategies in visual search},
  author={Lleras, Alejandro and Von M{\"u}hlenen, Adrian},
  journal={Spatial Vision},
  volume={17},
  number={4},
  pages={465--482},
  year={2004},
  publisher={Brill}
}



@article{pierrehumbert2016phonological,
  title={Phonological Representation: Beyond Abstract Versus Episodic},
  author={Pierrehumbert, Janet B.} ,
  journal={Annual Review of Linguistics},
  volume={2},
  pages={33--52},
  year={2016},
  publisher={Annual Reviews}
}

@article{arnon2011brush,
  title={Why brush your teeth is better than teeth--Children's word production is facilitated in familiar sentence-frames},
  author={Arnon, Inbal and Clark, Eve V.} ,
  journal={Language Learning and Development},
  volume={7},
  number={2},
  pages={107--129},
  year={2011},
  publisher={Taylor \& Francis}
}

@article{volya2010velar, 
	title={Velar palatalization in {R}ussian and artificial grammar: Constraints on models of morphophonology},
	author={Kapatsinski, Vsevolod},
	journal={Laboratory Phonology},
	year={2010},
	volume={1},
	pages={361-–393}
}

@article{plunkett1993rote,
  title={From rote learning to system building: Acquiring verb morphology in children and connectionist nets},
  author={Plunkett, Kim and Marchman, Virginia},
  journal={Cognition},
  volume={48},
  number={1},
  pages={21--69},
  year={1993},
  publisher={Elsevier}
}

@article{plunkett1991u,
  title={U-shaped learning and frequency effects in a multi-layered perception: Implications for child language acquisition},
  author={Plunkett, Kim and Marchman, Virginia},
  journal={Cognition},
  volume={38},
  number={1},
  pages={43--102},
  year={1991},
  publisher={Elsevier}
}


@article{baxter2006utterance,
  title={Utterance selection model of language change},
  author={Baxter, Gareth J. and Blythe, Richard A.and Croft, William and McKane, Alan J.} ,
  journal={Physical Review E.} ,
  volume={73},
  number={4},
  pages={046118},
  year={2006},
  publisher={APS}
}

@article{altmann2009beyond,
  title={Beyond word frequency: Bursts, lulls, and scaling in the temporal distributions of words},
  author={Altmann, Eduardo G. and Pierrehumbert, Janet B. and Motter, Adilson E.} ,
  journal={{PLOS ONE}},
  volume={4},
  number={11},
  pages={e7678},
  year={2009},
  publisher={Public Library of Science}
}


@article{anderson1991hcrc,
  title={The {HCRC} map task corpus},
  author={Anderson, Anne H. and Bader, Miles and Bard, Ellen Gurman and Boyle, Elizabeth and Doherty, Gwyneth and Garrod, Simon and Isard, Stephen and Kowtko, Jacqueline and McAllister, Jan and Miller, Jim and others},
  journal={Language and Speech},
  volume={34},
  number={4},
  pages={351--366},
  year={1991},
  publisher={SAGE Publications}
}

@inproceedings{bard1989effect,
  title={The effect of repetition on words in recorded dictations},
  author={Bard, Ellen G. and Lowe, A.J. and Altmann, Gerry T.M.},
  booktitle={{Eurospeech ’89: Proceedings of the European Conference on Speech Communication and Technology}},
  volume={2},
  pages={573--576},
  publisher={Paris},
  year={1989}
}

@article{bard2000controlling,
  title={Controlling the intelligibility of referring expressions in dialogue},
  author={Bard, Ellen Gurman and Anderson, Anne H. and Sotillo, Catherine and Aylett, Matthew and Doherty-Sneddon, Gwyneth and Newlands, Alison},
  journal={Journal of Memory and Language},
  volume={42},
  number={1},
  pages={1--22},
  year={2000},
  publisher={Elsevier}
}


@article{bresnan2007predicting,
  title={Predicting the dative alternation},
  author={Bresnan, Joan and Cueni, Anna and Nikitina, Tatiana and Baayen, R. Harald and others},
  journal={Cognitive foundations of interpretation},
  pages={69--94},
  year={2007},
  publisher={Royal Netherlands Academy of Science Amsterdam}
}

@article{pierrehumbert2001stochastic,
  title={Stochastic phonology},
  author={Pierrehumbert, Janet},
  journal={Glot International},
  volume={5},
  number={6},
  pages={195--207},
  year={2001},
  publisher={Citeseer}
}

@incollection{raczetalinpress,
	Author = {R\'acz, P\'eter and Janet B. Pierrehumbert and Jennifer B. Hay and Vikt\'oria Papp},
	Booktitle = {The handbook of language emergence},
	Date-Added = {2014-09-09 01:26:02 +0000},
	Date-Modified = {2014-09-09 01:26:02 +0000},
	Editor = {Brian Mac{W}hinney and William O'{G}rady},
	Publisher = {West Sussex, UK: Wiley-Blackwell},
	Title = {Morphological emergence},
	pages={123--46},
	Year = {2014}}


@book{aiken1991multiple,
  title={Multiple regression: Testing and interpreting interactions},
  author={Aiken, Leona S. and West, Stephen G. and Reno, Raymond R.} ,
  year={1991},
  publisher={ Newbury Park, CA: Sage}
}

@inproceedings{albright2002modeling,
  title={Modeling {E}nglish past tense intuitions with minimal generalization},
  author={Albright, Adam and Hayes, Bruce},
  booktitle={{Proceedings of the ACL-02 Workshop on Morphological and Phonological Learning}},
  volume={6},
  publisher={Stroudsburg, PA},
  pages={58--69},
  year={2002}
}

@inproceedings{boulis2005gender,
    title = {A quantitative analysis of lexical differences between genders in telephone conversations},
    author = {Boulis, Constantinos and Ostendorf, Mari},
    booktitle = {{Proceedings of the 43rd Annual Meeting of the Association for Computational Linguistics}},
    publisher={Ann Arbor, Michigan},
    year = {2005},
    pages = {435--442}
    }

@article{albright2003rules,
  title={Rules vs. analogy in {E}nglish past tenses: A computational/experimental study},
  author={Albright, Adam and Hayes, Bruce},
  journal={Cognition},
  volume={90},
  number={2},
  pages={119--161},
  year={2003},
  publisher={Elsevier}
}

@article{albright2009feature,
  title={Feature-based generalisation as a source of gradient acceptability},
  author={Albright, Adam},
  journal={Phonology},
  volume={26},
  number={1},
  pages={9--41},
  year={2009},
  publisher={Cambridge Univ Press}
}

@inproceedings{asch1951effects,
  title={Effects of group pressure upon the modification and distortion of judgments},
  author={Asch, Solomon E.} ,
  booktitle={Groups, leadership, and men},
  editor={Guetzkow, Harold},
  pages={177--190},
  year={1951}, 
 publisher = {Pittsburgh, PA: Carnegie Press}

}


@article{baayen1991productivity,
  title={Productivity and {E}nglish derivation: a corpus-based study},
  author={Baayen, {R. Harald} and Lieber, Rochelle},
  journal={Linguistics},
  volume={29},
  number={5},
  pages={801--844},
  year={1991}
}

@article{baayen2005semantic,
  title={Semantic density and past-tense formation in three Germanic languages},
  author={Baayen, R. Harald and del Prado Mart{\'\i}n, Ferm{\'\i}n Moscoso},
  journal={Language},
  pages={666--698},
  year={2005},
  publisher={JSTOR}
}


@book{baayen1993celex,
  title={The {CELEX} lexical database on {CD-ROM}},
  author={Baayen, R. Harald and Piepenbrock, Richard and van Rijn, Hedderik},
  year={1993},
  publisher={Philadelphia: Linguistic Data Consortium}
}

@article{baayen2006morphological,
  title={Morphological influences on the recognition of monosyllabic monomorphemic words},
  author={Baayen, R. Harald and Feldman, Laurie B. and Schreuder, Robert},
  journal={Journal of Memory and Language},
  volume={55},
  number={2},
  pages={290--313},
  year={2006},
  publisher={Elsevier}
}


@article{baayen1997singulars,
  title={Singulars and plurals in {D}utch: {E}vidence for a parallel dual-route model},
  author={Baayen, R. Harald and Dijkstra, Ton and Schreuder, Robert},
  journal={Journal of Memory and Language},
  volume={37},
  number={1},
  pages={94--117},
  year={1997},
  publisher={Elsevier}
}


 @article{baayen2010demythologizing,
  title={Demythologizing the word frequency effect: A discriminative learning perspective},
  author={Baayen, R. Harald},
  journal={The Mental Lexicon},
  volume={5},
  number={3},
  pages={436--461},
  year={2010},
  publisher={John Benjamins Publishing Company}
}


@article{baayen2011amorphous,
  title={An amorphous model for morphological processing in visual comprehension based on naive discriminative learning.},
  author={Baayen, R. Harald and Milin, Petar and Durdevic, Dusica Filipovic and Hendrix, Peter and Marelli, Marco},
  journal={Psychological Review},
  volume={118},
  number={3},
  pages={438},
  year={2011},
  publisher={American Psychological Association}
}

@article{babel2012evidence,
  title={Evidence for phonetic and social selectivity in spontaneous phonetic imitation},
  author={Babel, Molly},
  journal={Journal of Phonetics},
  volume={40},
  number={1},
  pages={177--189},
  year={2012},
  publisher={Elsevier}
}

@article{babel2012role,
  title={The role of fundamental frequency in phonetic accommodation},
  author={Babel, Molly and Bulatov, Dasha},
  journal={Language and Speech},
  volume={55},
  number={2},
  pages={231--248},
  year={2012},
  publisher={SAGE Publications}
}

@unpublished{baileycukoravila2014,
	Author = {Guy Bailey and Patricia Cukor-{A}vila},
	Note = {Talk given at the 43th New Ways of Analyzing Variation Conference in Chicago, IL},
	Title = {Quantitative analysis of the linguistic individual},
	Year = {2014}}


@article{barr2013random,
  title={Random effects structure for confirmatory hypothesis testing: Keep it maximal},
  author={Barr, Dale J. and Levy, Roger and Scheepers, Christoph and Tily, Harry J.} ,
  journal={Journal of Memory and Language},
  volume={68},
  number={3},
  pages={255--278},
  year={2013},
  publisher={Elsevier}
}


@article{beckner2015conformity,
  title={Participants conform to humans but not to humanoid robots in an {English} past tense formation task},
  author={Beckner, Clay and R{\'a}cz, P{\'e}ter and Brandstetter, J{\"u}rgen and Hay, Jennifer B. and Bartneck, Christoph},
  journal={Journal of Language and Social Psychology},
  DOI={10.1177/0261927X15584682},
  year={2016},
  volume={35},
  pages={158-79},
  note ={DOI: 10.1177/0261927X15584682}
}

@book{belsley1991conditioning,
  title={Conditioning diagnostics: Collinearity and Weak Data in Regression},
  author={Belsley, David A.},
  year={1991},
  publisher={New York: Wiley}
}

@article{berko1958child,
  title={The child's learning of {E}nglish morphology},
  author={Berko, Jean},
  journal={Word},
  volume={14},
  pages={150-177},
  year={1958}
}


@article{bock1986syntactic,
  title={Syntactic persistence in language production},
  author={Bock, J. Kathryn},
  journal={Cognitive Psychology},
  volume={18},
  number={3},
  pages={355--387},
  year={1986},
  publisher={Elsevier}
}

@article{brennan1996conceptual,
  title={Conceptual pacts and lexical choice in conversation.},
  author={Brennan, Susan E. and Clark, Herbert H.},
  journal={Journal of Experimental Psychology: Learning, Memory, and Cognition},
  volume={22},
  number={6},
  pages={1482--1493},
  year={1996},
  publisher={American Psychological Association}
}

@article{bybee1982rules,
  title={Rules and schemas in the development and use of the {E}nglish past tense},
  author={Bybee, Joan L. and Slobin, Dan I.},
  journal={Language},
  pages={265--289},
  year={1982},
  volume = {58},
  publisher={JSTOR}
}

@book{bybee1985morphology,
  title={Morphology: A study of the relation between meaning and form},
  author={Bybee, Joan L.},
  year={1985},
  publisher={Amsterdam/Philadelphia: John Benjamins Publishing}
}

@article{bybee1998emergent,
  title={The emergent lexicon},
  author={Bybee, Joan L.} ,
  journal={Chicago Linguistic Society},
  volume={34},
  number={2},
  pages={421--35},
  year={1998}
}


@article{bybee2006usage,
  title={From usage to grammar: The mind's response to repetition},
  author={Bybee, Joan L.},
  journal={Language},
  volume={82},
  number={4},
  pages={711--733},
  year={2006},
  publisher={Linguistic Society of America}
}


@inproceedings{bybee1982small,
  title={Why small children cannot change language on their own: Suggestions from the {E}nglish past tense},
  author={Bybee, Joan L. and Slobin, Dan I.},
  booktitle={Papers from the 5th international conference on historical linguistics},
  volume={21},
  year={1982}
}

@article{bybee1983morphological,
  title={Morphological classes as natural categories},
  author={Bybee, Joan L. and Moder, Carol Lynn},
  journal={Language},
  pages={251--270},
  year={1983},
  volume={59},
  publisher={JSTOR}
}

@article{bybee2002phonological,
  title={Phonological evidence for exemplar storage of multiword sequences},
  author={Bybee, Joan},
  journal={Studies in Second Language Acquisition},
  volume={24},
  number={02},
  pages={215--221},
  year={2002},
  publisher={Cambridge Univ Press}
}


@article{cedergren1974variable,
  title={Variable rules: Performance as a statistical reflection of competence},
  author={Cedergren, Henrietta J. and Sankoff, David},
  journal={Language},
  pages={333--355},
  year={1974},
  publisher={JSTOR}
}


@article{clahsen1999lexical,
  title={Lexical entries and rules of language: A multidisciplinary study of {G}erman inflection},
  author={Clahsen, Harald},
  journal={Behavioral and Brain Sciences},
  volume={22},
  number={06},
  pages={991--1013},
  year={1999},
  publisher={Cambridge Univ Press}
}

@article{coutanche2014fast,
  title={Fast mapping rapidly integrates information into existing memory networks.},
  author={Coutanche, Marc N. and Thompson-Schill, Sharon L.},
  journal={Journal of Experimental Psychology: General},
  volume={143},
  number={6},
  pages={2296--2303},
  year={2014},
  publisher={American Psychological Association}
}

@article{culbertson2012learning,
  title={Learning biases predict a word order universal},
  author={Culbertson, Jennifer and Smolensky, Paul and Legendre, G{\'e}raldine},
  journal={Cognition},
  volume={122},
  number={3},
  pages={306--329},
  year={2012},
  publisher={Elsevier}
}

@article{dalal2012some,
  title={Some common myths about centering predictor variables in moderated multiple regression and polynomial regression},
  author={Dalal, Dev K. and Zickar, Michael J.},
  journal={Organizational Research Methods},
  volume={15},
  number={3},
  pages={339--362},
  year={2012},
  publisher={SAGE Publications}
}

@article{dawdy2014learnability,
  title={Learnability and generalisation of {Arabic} broken plural nouns},
  author={Dawdy-Hesterberg, Lisa, and Pierrehumbert, Janet B.},
  journal={Language, Cognition and Neuroscience},
  volume={29},
  number={10},
  pages={1268--1282},
  year={2014},
  publisher={Taylor \& Francis}
}

@article{donkin2012power,
  title={A power-law model of psychological memory strength in short-and long-term recognition},
  author={Donkin, Chris and Nosofsky, Robert M.},
  journal={Psychological Science},
  volume={23},
  number={6},
  pages={625--634},
  year={2012},
  publisher={Sage Publications}
}

@article{echambadi2007mean,
  title={Mean-centering does not alleviate collinearity problems in moderated multiple regression models},
  author={Echambadi, Raj and Hess, James D.},
  journal={Marketing Science},
  volume={26},
  number={3},
  pages={438--445},
  year={2007},
  publisher={INFORMS}
}

@article{estival1985syntactic,
  title={Syntactic priming of the passive in {English}},
  author={Estival, Dominique},
  journal={Text-Interdisciplinary Journal for the Study of Discourse},
  volume={5},
  number={1-2},
  pages={7--22},
  year={1985}
}

@article{fehringer2004stable,
  title={How Stable are Morphological Doublets? {A} Case Study of \textipa{[@]},\textipa{[\o]} Variants in {D}utch and {G}erman},
  author={Fehringer, Carol},
  journal={Journal of Germanic Linguistics},
  volume={16},
  number={04},
  pages={285--329},
  year={2004},
  publisher={Cambridge Univ Press}
}

@article{stefan,
  title={Metalinguistic judgments of phonotactics by monolinguals and bilinguals},
  author={Frisch, Stefan A. and Brea-Spahn, Maria R.},
  journal={Laboratory Phonology},
  volume={1},
  number={2},
  pages={345--360},
  year={2010}
}

@article{frisch1997similarity,
title={Similarity avoidance and the {OCP}},
author={Frisch, Stefan A. and Pierrehumbert, Janet B., and Broe, Michael},
year={2004},
journal={Natural Language and Linguistic Theory},
volume={22},
pages={179--228}
}

@article{foulkes2006social,
  title={The social life of phonetics and phonology},
  author={Foulkes, Paul and Docherty, Gerard},
  journal={Journal of Phonetics},
  volume={34},
  number={4},
  pages={409--438},
  year={2006},
  publisher={Elsevier}
}

@article{garrod2004conversation,
  title={Why is conversation so easy?},
  author={Garrod, Simon and Pickering, Martin J.},
  journal={Trends in Cognitive Sciences},
  volume={8},
  number={1},
  pages={8--11},
  year={2004},
  publisher={Elsevier}
}

@article{gaskell2003lexical,
  title={Lexical competition and the acquisition of novel words},
  author={Gaskell, M. Gareth and Dumay, Nicolas},
  journal={Cognition},
  volume={89},
  number={2},
  pages={105--132},
  year={2003},
  publisher={Elsevier}
}

@article{gaskell1997integrating,
  title={Integrating form and meaning: A distributed model of speech perception},
  author={Gaskell, M. Gareth and Marslen-Wilson, William D.},
  journal={Language and Cognitive Processes},
  volume={12},
  number={5-6},
  pages={613--656},
  year={1997},
  publisher={Taylor \& Francis}
}

@book{gelman2006data,
  title={Data analysis using regression and multilevel/hierarchical models},
  author={Gelman, Andrew and Hill, Jennifer},
  year={2006},
  publisher={Cambridge, UK: Cambridge University Press}
}

@article{geukes2015stroop,
  title={Stroop effects from newly learned color words: effects of memory consolidation and episodic context},
  author={Geukes, Sebastian and Gaskell, M. Gareth and Zwitserlood, Pienie},
  journal={Frontiers in Psychology},
  volume={6},
  year={2015},
  note={DOI: 10.3389/fpsyg.2015.00278},   
  publisher={Frontiers Media SA}
}


@article{giles1973towards,
  title={Towards a theory of interpersonal accommodation through language: Some Canadian data},
  author={Giles, Howard and Taylor, Donald M. and Bourhis, Richard},
  journal={Language in Society},
  volume={2},
  number={02},
  pages={177--192},
  year={1973},
  publisher={Cambridge Univ Press}
}

@book{giles1991language,
  title={Language: Contexts and consequences},
  author={Giles, Howard and Coupland, Nikolas},
  year={1991},
  publisher={Pacific Grove, CA:     Thomson Brooks/Cole Publishing Co}
}

@article{goldinger1998echoes,
  title={Echoes of echoes? {A}n episodic theory of lexical access.},
  author={Goldinger, Stephen D.},
  journal={Psychological Review},
  volume={105},
  number={2},
  pages={251--279},
  year={1998},
  publisher={American Psychological Association}
}

@article{goldinger1989priming,
  title={Priming lexical neighbors of spoken words: Effects of competition and inhibition},
  author={Goldinger, Stephen D. and Luce, Paul A. and Pisoni, David B.} ,
  journal={Journal of Memory and Language},
  volume={28},
  number={5},
  pages={501--518},
  year={1989},
  publisher={Elsevier}
}


@article{gregory1997evaluating,
  title={Evaluating the relation of vocal accommodation in conversation partners' fundamental frequencies to perceptions of communication quality},
  author={Gregory Jr., Stanford W. and Dagan, Kelly and Webster, Stephen},
  journal={Journal of Nonverbal Behavior},
  volume={21},
  number={1},
  pages={23--43},
  year={1997},
  publisher={Springer}
}


@article{gregory1993voice,
  title={Voice pitch and amplitude convergence as a metric of quality in dyadic interviews},
  author={Gregory Jr., Stanford W. and Webster, Stephen and Huang, Gang},
  journal={Language \& Communication},
  volume={13},
  number={3},
  pages={195--217},
  year={1993},
  publisher={Elsevier}
}


@article{gregory1996nonverbal,
  title={A nonverbal signal in voices of interview partners effectively predicts communication accommodation and social status perceptions.},
  author={Gregory Jr., Stanford W. and Webster, Stephen},
  journal={Journal of Personality and Social Psychology},
  volume={70},
  number={6},
  pages={1231--1240},
  year={1996},
  publisher={American Psychological Association}
}


@article{gries2005syntactic,
  title={Syntactic priming: A corpus-based approach},
  author={Gries, Stefan Th.},
  journal={Journal of Psycholinguistic Research},
  volume={34},
  number={4},
  pages={365--399},
  year={2005},
  publisher={Springer}
}

@article{griffiths2008bayesian,
  title={Bayesian models of cognition},
  author={Griffiths, Thomas L. and Kemp, Charles and Tenenbaum, Joshua B.} ,
  year={2008},
  publisher={Cambridge University Press}
}

@article{haber1976leaped,
  title={Leaped and Leapt: {A} theoretical account of linguistic variation},
  author={Haber, Lyn R.},
  journal={Foundations of Language},
  volume={14},
  pages={211--238},
  year={1976},
  publisher={JSTOR}
}

@article{hall2015syntactic,
  title={Syntactic priming in {A}merican {S}ign {L}anguage.},
  author={Hall, Matthew L. and Ferreira, Victor S. and Mayberry, Rachel I.} ,
  journal={{PLOS ONE}},
  volume={10},
  number={3},
  pages={e0119611},
  year={2015},
  publisher={Public Library of Science}
}

@book{harrell2013regression,
  title={Regression modeling strategies: {W}ith applications to linear models, logistic regression, and survival analysis},
  author={Harrell, Frank E.},
  year={2013},
  publisher={New York: Springer Science \& Business Media}
}


@article{harrell2014hmisc,
  title={Hmisc: A package of miscellaneous {R} functions},
  author={Harrell Jr, Frank E, et al},
  journal={R package version},
  volume={3},
  number={2},
  url = "http://biostat.mc.vanderbilt.edu/Hmisc",
  year={2008}
}


%Hay 2015: See Walker. 

@article{hay2005shifting,
  title={Shifting paradigms: {G}radient structure in morphology},
  author={Hay, Jennifer B. and Baayen, R. Harald},
  journal={Trends in Cognitive Sciences},
  volume={9},
  number={7},
  pages={342--348},
  year={2005},
  publisher={Elsevier}
}

@article{hay2006factors,
  title={Factors influencing speech perception in the context of a merger-in-progress},
  author={Hay, Jennifer B. and Warren, Paul and Drager, Katie},
  journal={Journal of Phonetics},
  volume={34},
  number={4},
  pages={458--484},
  year={2006},
  publisher={Elsevier}
}

@article{hay2007sociophonetics,
  title={Sociophonetics},
  author={Hay, Jennifer B. and Drager, Katie},
  journal={Annu. Rev. Anthropol.},
  volume={36},
  pages={89--103},
  year={2007},
  publisher={Annual Reviews}
}


@article{henderson2015daffodat,
  title={When the daffodat flew to the intergalactic zoo: Off-line consolidation is critical for word learning from stories.},
  author={Henderson, Lisa and Devine, Katy and Weighall, Anna and Gaskell, Gareth},
  journal={Developmental Psychology},
  volume={51},
  number={3},
  pages={406--417},
  year={2015},
  publisher={American Psychological Association}
}

@article{hruschka2009building,
  title={Building social cognitive models of language change},
  author={Hruschka, Daniel J. and Christiansen, Morten H. and Blythe, Richard A. and Croft, William and Heggarty, Paul and Mufwene, Salikoko S. and Pierrehumbert, Janet B. and Poplack, Shana},
  journal={Trends in Cognitive Sciences},
  volume={13},
  number={11},
  pages={464--469},
  year={2009},
  publisher={Elsevier}
}


@article{jaeger2008categorical,
  title={Categorical data analysis: Away from {ANOVA}s (transformation or not) and towards logit mixed models},
  author={Jaeger, T. Florian},
  journal={Journal of Memory and Language},
  volume={59},
  number={4},
  pages={434--446},
  year={2008},
  publisher={Elsevier}
}

@book{jaccard2003interaction,
  title={Interaction effects in multiple regression},
  author={Jaccard, James and Turrisi, Robert},
  year={2003},
  publisher={Thousand Oaks, CA: Sage}
}


@article{kapnoula2015immediate,
  title={Immediate lexical integration of novel word forms},
  author={Kapnoula, Efthymia C. and Packard, Stephanie and Gupta, Prahlad and McMurray, Bob},
  journal={Cognition},
  volume={134},
  pages={85--99},
  year={2015},
  publisher={Elsevier}
}

@article{kopcke1988schemas,
  title={Schemas in {German} plural formation},
  author={K{\"o}pcke, Klaus-Michael},
  journal={Lingua},
  volume={74},
  number={4},
  pages={303--335},
  year={1988},
  publisher={Elsevier}
}

@article{krott2001analogy,
  title={Analogy in morphology: {M}odeling the choice of linking morphemes in {D}utch},
  author={Krott, Andrea and Baayen, R. Harald and Schreuder, Robert},
  journal={Linguistics},
  volume={39},
  pages={51--94},
  year={2001}
}

@book{labov1994principles,
  title={Principles of linguistic change. Vol. 1: Internal features},
  author={Labov, William},
  year={1994},
  publisher={Oxford: Blackwell}
}

@book{labov2001principles,
  title={Principles of linguistic change Volume 2: Social factors},
  author={Labov, William},
   year={2001},
  publisher={Oxford: Blackwell}
}


@article{labov2006sociolinguistic,
  title={A sociolinguistic perspective on sociophonetic research},
  author={Labov, William},
  journal={Journal of Phonetics},
  volume={34},
  number={4},
  pages={500--515},
  year={2006},
  publisher={Elsevier}
}

@article{lindsay2012acquiring,
  title={Acquiring novel words and their past tenses: Evidence from lexical effects on phonetic categorisation},
  author={Lindsay, Shane and Sedin, Leanne M. and Gaskell, M. Gareth},
  journal={Journal of Memory and Language},
  volume={66},
  number={1},
  pages={210--225},
  year={2012},
  publisher={Elsevier}
}

@article{lindsay2013lexical,
  title={Lexical integration of novel words without sleep.},
  author={Lindsay, Shane and Gaskell, M. Gareth},
  journal={Journal of Experimental Psychology: Learning, Memory, and Cognition},
  volume={39},
  number={2},
  pages={608--622},
  year={2013},
  publisher={American Psychological Association}
}

@article{luce1998recognizing,
  title={Recognizing spoken words: The neighborhood activation model},
  author={Luce, Paul A. and Pisoni, David B.} ,
  journal={Ear and Hearing},
  volume={19},
  number={1},
  pages={1--36},
  year={1998},
  publisher={NIH Public Access}
}


@article{maddox1998selective,
  title={Selective attention and the formation of linear decision boundaries: Comment on {McKinley and Nosofsky} (1996).},
  journal={Journal of Experimental Psychology: Human Perception and Performance}, 
volume={24}, 
pages={302-322}, 
  author={Maddox, W. Todd and Ashby, F. Gregory},
  year={1998},
  publisher={American Psychological Association}
}

@article{mcclelland2002rules,
  title={Rules or connections in past-tense inflections: What does the evidence rule out?},
  author={McClelland, James L. and Patterson, Karalyn},
  journal={Trends in Cognitive Sciences},
  volume={6},
  number={11},
  pages={465--472},
  year={2002},
  publisher={Elsevier}
}

@article{mckinley1996selective,
  title={Selective attention and the formation of linear decision boundaries.},
  author={McKinley, Stephen C. and Nosofsky, Robert M.},
  journal={Journal of Experimental Psychology: Human Perception and Performance},
  volume={22},
  number={2},
  pages={294--317},
  year={1996},
  publisher={American Psychological Association}
}

@article{mcfarland2001respiratory,
  title={Respiratory markers of conversational interaction},
  author={McFarland, David H.} ,
  journal={Journal of Speech, Language, and Hearing Research},
  volume={44},
  number={1},
  pages={128--143},
  year={2001},
  publisher={ASHA}
}


@article{milin2009simultaneous,
  title={The simultaneous effects of inflectional paradigms and classes on lexical recognition: Evidence from {Serbian}},
  author={Milin, Petar and Durdevic, Dusica Filipovic and del Prado Martin, Fermin Moscoso},
  journal={Journal of Memory and Language},
  volume={60},
  number={1},
  pages={50--64},
  year={2009},
  publisher={Elsevier}
}

@phdthesis{moder1992productivity,
  title={Productivity and categorization in morphological classes},
  author={Moder, Carol Lynn},
  year={1992},
  school={Buffalo, NY: State University of New York}
}

@inproceedings{munro2010crowdsourcing,
  title={Crowdsourcing and language studies: the new generation of linguistic data},
  author={Munro, Robert and Bethard, Steven and Kuperman, Victor and Lai, Vicky Tzuyin and Melnick, Robin and Potts, Christopher and Schnoebelen, Tyler and Tily, Harry},
  booktitle={{Proceedings of the NAACL HLT 2010 Workshop on Creating Speech and Language Data with Amazon's Mechanical Turk}},
  pages={122--130},
  year={2010},
  organization={Association for Computational Linguistics}
}

@article{myers2009lexical,
  title={Lexical frequency effects in Taiwan Southern Min syllable contraction},
  author={Myers, James and Li, Yingshing},
  journal={Journal of Phonetics},
  volume={37},
  number={2},
  pages={212--230},
  year={2009},
  publisher={Elsevier}
}


@incollection{foulkeshay2015,
  title={The emergence of sociophonetic structure},
  author={Paul Foulkes and Jennifer B. Hay},
   editor={Brian MacWhinney and William O'Grady},
  booktitle={The Handbook of Language Emergence},
  pages={292-313},
  year={2015},
  publisher={West Sussex, UK: Wiley Blackwell}
}

@incollection{nakisa2001dual,
  title={A cross-linguistic comparison of single and dual-route models of inflectional morphology},
  author={Nakisa, Ramin C. and Kim Plunkett and Ulrike Hahn},
   editor={Peter Broeder and Jaap Murre},
  booktitle={Models of Language Acquisition: Inductive and Deductive Approaches},
  pages={201--222},
  year={2001},
  publisher={Cambrdge, MA: MIT Press}
}

@article{berko1958,
  title={The child's learning of {E}nglish morphology},
  author={Berko, Jean},
  journal={Word},
  volume={14},
  number={2-3},
  pages={150--177},
  year={1958},
  publisher={Taylor \& Francis}
}
@article{natale1975convergence,
  title={Convergence of mean vocal intensity in dyadic communication as a function of social desirability.},
  author={Natale, Michael},
  journal={Journal of Personality and Social Psychology},
  volume={32},
  number={5},
  pages={790},
  year={1975},
  publisher={American Psychological Association}
}

@article{nosofsky1998dissociations,
  title={Dissociations between categorization and recognition in amnesic and normal individuals: An exemplar-based interpretation},
  author={Nosofsky, Robert M. and Zaki, Safa R.} ,
  journal={Psychological Science},
  volume={9},
  number={4},
  pages={247--255},
  year={1998},
  publisher={SAGE Publications}
}

@article{nosofsky1988similarity,
  title={Similarity, frequency, and category representations},
  author={Nosofsky, Robert M.} ,
  journal={Journal of Experimental Psychology: Learning, Memory, and Cognition},
  volume={14},
  number={1},
  pages={54--65},
  year={1988},
  publisher={American Psychological Association}
}

@article{nosofsky1990relations,
  title={Relations between exemplar-similarity and likelihood models of classification},
  author={Nosofsky, Robert M.} ,
  journal={Journal of Mathematical Psychology},
  volume={34},
  number={4},
  pages={393--418},
  year={1990},
  publisher={Elsevier}
}

@article{nosofsky2014exemplar,
  title={An exemplar-familiarity model predicts short-term and long-term probe recognition across diverse forms of memory search},
  author={Nosofsky, Robert M. and Cox, Gregory E. and Cao, Rui and Shiffrin, Richard M.} ,
  journal={Journal of Experimental Psychology: Learning, Memory, and Cognition},
  volume={40},
  number={6},
  pages={1524},
  year={2014},
  publisher={American Psychological Association}
}

@article{obrien2007caution,
  title={A caution regarding rules of thumb for variance inflation factors},
  author={O’brien, Robert M.} ,
  journal={Quality \& Quantity},
  volume={41},
  number={5},
  pages={673--690},
  year={2007},
  publisher={Springer}
}

@article{oldfield1966things,
  title={Things, words and the brain},
  author={Oldfield, Richard Charles},
  journal={The Quarterly Journal of Experimental Psychology},
  volume={18},
  number={4},
  pages={340--353},
  year={1966},
  publisher={Taylor \& Francis}
}

@article{pardo2006phonetic,
  title={On phonetic convergence during conversational interaction},
  author={Pardo, Jennifer S.} ,
  journal={The Journal of the Acoustical Society of America},
  volume={119},
  number={4},
  pages={2382--2393},
  year={2006},
  publisher={Acoustical Society of America}
}

@article{pardo2012phonetic,
  title={Phonetic convergence in college roommates},
  author={Pardo, Jennifer S. and Gibbons, Rachel and Suppes, Alexandra and Krauss, Robert M.} ,
  journal={Journal of Phonetics},
  volume={40},
  number={1},
  pages={190--197},
  year={2012},
  publisher={Elsevier}
}

@article{pickering2006alignment,
  title={Alignment as the basis for successful communication},
  author={Pickering, Martin J. and Garrod, Simon},
  journal={Research on Language and Computation},
  volume={4},
  number={2-3},
  pages={203--228},
  year={2006},
  publisher={Springer}
}

@article{pickering2004toward,
  title={Toward a mechanistic psychology of dialogue},
  author={Pickering, Martin J. and Garrod, Simon},
  journal={Behavioral and Brain Sciences},
  volume={27},
  number={02},
  pages={169--190},
  year={2004},
  publisher={Cambridge Univ Press}
}



@article{pierrehumbert2006next,
  title={The next toolkit},
  author={Pierrehumbert, Janet B.} ,
  journal={Journal of Phonetics},
  volume={34},
  number={4},
  pages={516--530},
  year={2006},
  publisher={Academic Press}
}

%Citation on JBP website (& Google Scholar) seems to contain errors.
@incollection{pierrehumbert2012dynamic,
  title={The dynamic lexicon},
  author={Pierrehumbert, Janet B.} ,
  editor={Abigail Cohn and C{\'e}cile Fougeron and Marie Huffman},
  booktitle={The {O}xford Handbook of Laboratory Phonology},
  pages={173-83},
  publisher={Oxford: Oxford University Press},
  year={2012}
}

@inproceedings{pierrehumbert2003probabilistic,
  title={Probabilistic phonology: Discrimination and robustness},
  author={Pierrehumbert, Janet},
  booktitle={Probabilistic linguistics},
 editor={ Rens Bod and Jennifer B. Hay and Stefanie Jannedy},
  pages={177--228},
  year={2003},
  publisher={Cambridge, MA, MIT Press}
}

@article{prasada1993generalisation,
  title={Generalisation of regular and irregular morphological patterns},
  author={Prasada, Sandeep and Pinker, Steven},
  journal={Language and Cognitive Processes},
  volume={8},
  number={1},
  pages={1--56},
  year={1993},
  publisher={Taylor \& Francis}
}

@inproceedings{racz2014variation,
  title={Morphological variation in the {E}nglish past tense: Probabilistic regularities within and across speakers},
  author={R{\'a}cz, P{\'e}ter and Beckner, Clay and Hay, Jennifer B. and Pierrehumbert, Janet B.},
  booktitle={{NWAV43}},
  year={2014}
}

@incollection{racz2015emergence,
	author={P\'eter R\'acz, Janet B. Pierrehumbert, Jennifer B. Hay and Vikt\'oria Papp},
	booktitle={The handbook of language emergence},
	editor={Brian Mac{W}hinney and William O'{G}rady},
	publisher={West Sussex, UK: Wiley-Blackwell},
	title={Morphological emergence},
 	pages={123--146},
	year={2015}
	}

@article{reali2009evolution,
  title={The evolution of frequency distributions: Relating regularization to inductive biases through iterated learning},
  author={Reali, Florencia and Griffiths, Thomas L.} ,
  journal={Cognition},
  volume={111},
  number={3},
  pages={317--328},
  year={2009},
  publisher={Elsevier}
}

@article{roberts2010,
  title={An experimental study of social selection and frequency of interaction in linguistic diversity},
  author={Roberts, Gareth},
  journal={Interaction Studies},
  volume={11},
  number={1},
  pages={138--159},
  year={2010},
  publisher={John Benjamins Publishing Company}
}

@article{rosch1999principles,
  title={Principles of categorization},
  author={Rosch, Eleanor},
  journal={Concepts: core readings},
  pages={189--206},
  year={1999},
  publisher={Cambridge, MA: MIT Press}
}

@article{rueckl2005locus,
  title={The locus and time course of long-term morphological priming},
  author={Rueckl, Jay G. and Galantucci, Bruno},
  journal={Language and Cognitive Processes},
  volume={20},
  number={1-2},
  pages={115--138},
  year={2005},
  publisher={Taylor \& Francis}
}

@incollection{rumelhart1985learning,
  title={On learning the past tenses of {E}nglish verbs},
  booktitle={Parallel Distributed Processing (Volume 2): Psychological and Biological Models},
  author={Rumelhart, David E. and McClelland, James L.} ,
  year={1986},
  pages={216-271},
  publisher={Cambridge, MA: MIT Press}
}


@article{saily2011variation,
  title={Variation in morphological productivity in the {BNC}: Sociolinguistic and methodological considerations},
  author={S{\"a}ily, Tanja},
  journal={Corpus Linguistics and Linguistic Theory},
  volume={7},
  number={1},
  pages={119--141},
  year={2011}
}


@article{seidenberg2014quasiregularity,
  title={Quasiregularity and its discontents: the legacy of the past tense debate},
  author={Seidenberg, Mark S. and Plaut, David C.} ,
  journal={Cognitive Science},
  volume={38},
  number={6},
  pages={1190--1228},
  year={2014},
  publisher={Wiley Online Library}
}

@book{skousen2002analogical,
  title={Analogical modeling: An exemplar-based approach to language},
  author={Skousen, Royal and Lonsdale, Deryle and Parkinson, Dilworth B.} ,
  volume={10},
  year={2002},
  publisher={John Benjamins Publishing}
}

@inproceedings{e6c4b54c0cbf489aa32e860c6990c54d,
	title={Morphology in the extreme: echo-pairs in {H}ungarian},
	publisher={Tinta Publishing House},
	author={M\'arton S\'oskuthy},
	year={2012},
	editor={Ferenc Kiefer and Zolt\'an B\'anr\'eti},
	pages={123-–144},
	booktitle={Twenty years of theoretical linguistics in {B}udapest},
}

@article{soskuthy2013analogy,
  title={Analogy in the emergence of intrusive-r in {English}},
  author={S\'oskuthy, M\'arton},
  journal={{English} Language and Linguistics},
  volume={17},
  number={01},
  pages={55--84},
  year={2013},
  publisher={Cambridge Univ Press}
}

@article{stemberger1986form,
  title={Form-oriented inflectional errors in language processing},
  author={Stemberger, Joseph Paul and MacWhinney, Brian},
  journal={Cognitive Psychology},
  volume={18},
  number={3},
  pages={329--354},
  year={1986},
  publisher={Elsevier}
}


@article{stemberger1986frequency,
  title={Frequency and the lexical storage of regularly inflected forms},
  author={Stemberger, Joseph Paul and MacWhinney, Brian},
  journal={Memory \& Cognition},
  volume={14},
  number={1},
  pages={17--26},
  year={1986},
  publisher={Springer}
}

@article{szmrecsanyi2005language,
  title={Language users as creatures of habit: A corpus-based analysis of persistence in spoken {English}},
  author={Szmrecsanyi, Benedikt},
  journal={Corpus Linguistics and Linguistic Theory},
  volume={1},
  number={1},
  pages={113--150},
  year={2005}
}

@book{szmrecsanyi2006morphosyntactic,
  title={Morphosyntactic persistence in spoken {English}: A corpus study at the intersection of variationist sociolinguistics, psycholinguistics, and discourse analysis},
  author={Szmrecsanyi, Benedikt},
  year={2006},
  publisher={Berlin: Walter de Gruyter}
}

@article{tenpenny1995abstractionist,
  title={Abstractionist versus episodic theories of repetition priming and word identification},
  author={Tenpenny, Patricia L.} ,
  journal={Psychonomic Bulletin \& Review},
  volume={2},
  number={3},
  pages={339--363},
  year={1995},
  publisher={Springer}
}

@incollection{thornton2012overabundance,
  title={Overabundance in {Italian} verb morphology and its interactions with other non-canonical phenomena},
  author={Thornton, Anna M.} ,
  editor={Stolz, Thomas and Otsuka, Hitomi and Urdze, Aina and Auwera, Johan {van der}},
  booktitle={Irregularity in morphology (and beyond)},
  pages={251--269},
  year={2012},
  publisher={Berlin: Akademie Verlag}
}

@inproceedings{von2004labeling,
  title={Labeling images with a computer game},
  author={Von Ahn, Luis and Dabbish, Laura},
  booktitle={{Proceedings of the SIGCHI Conference on Human Factors in Computing Systems}},
  pages={319--326},
  publisher={Paris},
  year={2004}
}

@article{walker2015tracking,
  title={Tracking word frequency effects through 130 years of sound change},
  author={Hay,Jennifer B. and Pierrehumbert, Janet B. and Walker, Abby J. and La{S}hell, Patrick},
  journal={Cognition},
  volume={139},
  number={1},
  pages={83--91},
  year={2015},
  publisher={Elsevier}
}

@incollection{webb1972interview,
  title={Interview synchrony: An investigation of two speech rate measures in an automated standardized interview},
  author={Webb, James T.} ,
  booktitle={Studies in dyadic communication},
  pages={115--133},
  year={1972}, 
  editor={Siegman, Aron Wolfe and Pope, Benjamin} ,
   publisher={Pergamon Press, New York}    
}

@article{babel2010dialect,
  title={Dialect divergence and convergence in {New Zealand English}},
  author={Babel, Molly},
  journal={Language in Society},
  volume={39},
  number={04},
  pages={437--456},
  year={2010},
  publisher={Cambridge Univ Press}
}

@article{grainger1991masked,
  title={Masked morphological priming in visual word recognition},
  author={Grainger, Jonathan and Col{\'e}, Pascale and Segui, Juan},
  journal={Journal of Memory and Language},
  volume={30},
  number={3},
  pages={370--384},
  year={1991},
  publisher={Elsevier}
}

@article{marslen1994morphology,
  title={Morphology and meaning in the {English} mental lexicon.},
  author={Marslen-Wilson, William and Tyler, Lorraine K. and Waksler, Rachelle and Older, Lianne},
  journal={Psychological Review},
  volume={101},
  number={1},
  pages={3--33},
  year={1994},
  publisher={American Psychological Association}
}

@article{gonnerman2007graded,
  title={Graded semantic and phonological similarity effects in priming: Evidence for a distributed connectionist approach to morphology.},
  author={Gonnerman, Laura M. and Seidenberg, Mark S. and Andersen, Elaine S.} ,
  journal={Journal of Experimental Psychology: General},
  volume={136},
  number={2},
  pages={323--345},
  year={2007},
  publisher={American Psychological Association}
}

@article{chateau2002masked,
  title={Masked priming of prefixes and the influence of spelling--meaning consistency},
  author={Chateau, Dan and Knudsen, Erin V. and Jared, Debra},
  journal={Brain and Language},
  volume={81},
  number={1},
  pages={587--600},
  year={2002},
  publisher={Elsevier}
}

@article{dominguez2010contribution,
  title={The contribution of prefixes to morphological processing of {Spanish} words},
  author={Dominguez, Alberto and Alija, Maira and Rodriguez-Ferreiro, Javier and Cuetos, Fernando},
  journal={European Journal of Cognitive Psychology},
  volume={22},
  number={4},
  pages={569--595},
  year={2010},
  publisher={Taylor \& Francis}
}

@article{dunabeitia2011morpho,
  title={Is morpho-orthographic decomposition purely orthographic? {E}vidence from masked priming in the same--different task},
  author={Du{\~n}abeitia, Jon Andoni and Kinoshita, Sachiko and Carreiras, Manuel and Norris, Dennis},
  journal={Language and Cognitive Processes},
  volume={26},
  number={4-6},
  pages={509--529},
  year={2011},
  publisher={Taylor \& Francis}
}

@article{johnson2006resonance,
  title={Resonance in an exemplar-based lexicon: The emergence of social identity and phonology},
  author={Johnson, Keith},
  journal={Journal of Phonetics},
  volume={34},
  number={4},
  pages={485--499},
  year={2006},
  publisher={Elsevier}
}

@article{alegre1999frequency,
  title={Frequency effects and the representational status of regular inflections},
  author={Alegre, Maria and Gordon, Peter},
  journal={Journal of Memory and Language},
  volume={40},
  number={1},
  pages={41--61},
  year={1999},
  publisher={Elsevier}
}

@article{cuskley2014internal,
  title={Internal and external dynamics in language: evidence from verb regularity in a historical corpus of {English}},
  author={Cuskley, Christine F. and Pugliese, Martina and Castellano, Claudio and Colaiori, Francesca and Loreto, Vittorio and Tria, Francesca},
  journal={{PLOS ONE}},
  volume={9},
  number={8},
  pages={e102882},
  year={2014},
  publisher={Public Library of Science}
}

@article{gomez2002word,
  title={Word frequency effects in priming performance in young and older adults},
  author={Gomez, Rowena},
  journal={The Journals of Gerontology Series B: Psychological Sciences and Social Sciences},
  volume={57},
  number={3},
  pages={P233--P240},
  year={2002},
  publisher={Oxford University Press}
}

@article{duchek1989dissociative,
  title={A dissociative word-frequency X levels-of-processing interaction in episodic recognition and lexical decision tasks},
  author={Duchek, Janet M. and Neely, James H.} ,
  journal={Memory \& Cognition},
  volume={17},
  number={2},
  pages={148--162},
  year={1989},
  publisher={Springer}
}

@article{peter2015and,
  title={When and how do children develop knowledge of verb argument structure? Evidence from verb bias effects in a structural priming task},
  author={Peter, Michelle and Chang, Franklin and Pine, Julian M and Blything, Ryan and Rowland, Caroline F},
  journal={Journal of Memory and Language},
  volume={81},
  pages={1--15},
  year={2015},
  publisher={Elsevier}
}

@article{peter2018aligning,
  title={Aligning Developmental and Processing Accounts of Implicit and Statistical Learning},
  author={Peter, Michelle S and Rowland, Caroline F},
  journal={Topics in Cognitive Science},
  year={2018},
  publisher={Wiley Online Library}
}
@article{jaeger2013alignment,
  title={Alignment as a consequence of expectation adaptation: Syntactic priming is affected by the prime’s prediction error given both prior and recent experience},
  author={Jaeger, T. Florian and Snider, Neal E.} ,
  journal={Cognition},
  volume={127},
  number={1},
  pages={57--83},
  year={2013},
  publisher={Elsevier}
}

